<record><leader>00000cas a2200000 a 4500</leader><controlfield tag="001">36527489</controlfield><controlfield tag="007">hd afb---bacp</controlfield><controlfield tag="007">hd bfb---baap</controlfield><controlfield tag="007">hd bfb---babp</controlfield><controlfield tag="008">970311d19271992waumr nea     0    0eng c</controlfield><datafield ind1=" " ind2=" " tag="010"><subfield code="a">sn 97047153 </subfield></datafield><datafield ind1=" " ind2=" " tag="040"><subfield code="a">WAU</subfield><subfield code="b">eng</subfield><subfield code="c">WAU</subfield><subfield code="d">OCLCQ</subfield><subfield code="d">OCLCF</subfield><subfield code="d">OCLCO</subfield></datafield><datafield ind1=" " ind2=" " tag="012"><subfield code="i">9703</subfield></datafield><datafield ind1=" " ind2=" " tag="022"><subfield code="a">0043-0587</subfield><subfield code="l">0043-0587</subfield><subfield code="z">0017-3177</subfield></datafield><datafield ind1="1" ind2=" " tag="029"><subfield code="a">AU@</subfield><subfield code="b">000013141100</subfield></datafield><datafield ind1=" " ind2=" " tag="042"><subfield code="a">pcc</subfield></datafield><datafield ind1=" " ind2=" " tag="043"><subfield code="a">n-us-wa</subfield></datafield><datafield ind1="0" ind2=" " tag="210"><subfield code="a">Grange news</subfield></datafield><datafield ind1=" " ind2="4" tag="222"><subfield code="a">The Grange news</subfield></datafield><datafield ind1="0" ind2="4" tag="245"><subfield code="a">The Grange news</subfield><subfield code="h">[microform] :</subfield><subfield code="b">voice of Washington Agriculture.</subfield></datafield><datafield ind1="1" ind2="3" tag="246"><subfield code="a">Washington Grange news</subfield><subfield code="f">&lt;Jan. 1990-&gt;</subfield></datafield><datafield ind1=" " ind2=" " tag="260"><subfield code="a">Seattle, Wash. :</subfield><subfield code="b">Washington State Grange,</subfield><subfield code="c">1927-1992.</subfield></datafield><datafield ind1=" " ind2=" " tag="300"><subfield code="a">66 v. :</subfield><subfield code="b">ill. ;</subfield><subfield code="c">44 cm.</subfield></datafield><datafield ind1=" " ind2=" " tag="310"><subfield code="a">Monthly</subfield></datafield><datafield ind1="0" ind2=" " tag="362"><subfield code="a">Vol. 16, no. 15 (July 5, 1927)-v. 81, no. 11 (Dec. 1992).</subfield></datafield><datafield ind1=" " ind2=" " tag="533"><subfield code="a">Microfilm.</subfield><subfield code="m">1989-1992.</subfield><subfield code="b">[Seattle, Wash.] :</subfield><subfield code="c">Filmed for the University of Washington Libraries.</subfield><subfield code="e">2 microfilm reels ; 35 cm.</subfield><subfield code="n">Filmed with: Washington State Grange news.</subfield></datafield><datafield ind1=" " ind2=" " tag="539"><subfield code="a">d</subfield><subfield code="b">1989</subfield><subfield code="c">1992</subfield><subfield code="d">wau</subfield><subfield code="e">u</subfield><subfield code="f">u</subfield><subfield code="g">a</subfield></datafield><datafield ind1="2" ind2="0" tag="610"><subfield code="a">Washington State Grange.</subfield></datafield><datafield ind1=" " ind2="0" tag="650"><subfield code="a">Agriculture</subfield><subfield code="z">Washington (State)</subfield><subfield code="v">Newspapers.</subfield></datafield><datafield ind1=" " ind2="7" tag="655"><subfield code="a">Newspapers.</subfield><subfield code="2">fast</subfield><subfield code="0">(OCoLC)fst01423814</subfield></datafield><datafield ind1="2" ind2="7" tag="610"><subfield code="a">Washington State Grange.</subfield><subfield code="2">fast</subfield><subfield code="0">(OCoLC)fst00557737</subfield></datafield><datafield ind1=" " ind2="7" tag="650"><subfield code="a">Agriculture.</subfield><subfield code="2">fast</subfield><subfield code="0">(OCoLC)fst00801355</subfield></datafield><datafield ind1=" " ind2="7" tag="651"><subfield code="a">Washington (State)</subfield><subfield code="2">fast</subfield><subfield code="0">(OCoLC)fst01204703</subfield></datafield><datafield ind1="2" ind2=" " tag="710"><subfield code="a">Washington State Grange.</subfield></datafield><datafield ind1=" " ind2=" " tag="752"><subfield code="a">United States</subfield><subfield code="b">Washington</subfield><subfield code="c">King</subfield><subfield code="d">Seattle.</subfield></datafield><datafield ind1="1" ind2=" " tag="776"><subfield code="c">Original</subfield><subfield code="w">(DLC)sn 90003587</subfield><subfield code="w">(OCoLC)9798729</subfield></datafield><datafield ind1="0" ind2="0" tag="780"><subfield code="t">Agricultural grange news</subfield><subfield code="w">(DLC)sn 97047152</subfield></datafield><datafield ind1="0" ind2="0" tag="785"><subfield code="t">Washington State Grange news</subfield><subfield code="x">1070-4442</subfield><subfield code="w">(DLC)sn 97047154</subfield></datafield><datafield ind1=" " ind2=" " tag="850"><subfield code="a">WaU</subfield><subfield code="a">WaU (master)</subfield></datafield></record>